<record><leader>00000cas a2200000 a 4500</leader><controlfield tag="001">12422830</controlfield><controlfield tag="008">850824d18921909ksuwr ne      0    0eng d</controlfield><datafield ind1=" " ind2=" " tag="010"><subfield code="a">sn 85031894 </subfield></datafield><datafield ind1=" " ind2=" " tag="040"><subfield code="a">KSH</subfield><subfield code="b">eng</subfield><subfield code="c">KSH</subfield><subfield code="d">NPT</subfield><subfield code="d">OCL</subfield><subfield code="d">OCLCQ</subfield></datafield><datafield ind1=" " ind2=" " tag="042"><subfield code="a">msc</subfield></datafield><datafield ind1="0" ind2=" " tag="130"><subfield code="a">Manhattan mercury (Manhattan, Kan. : 1892)</subfield></datafield><datafield ind1="1" ind2="0" tag="245"><subfield code="a">Manhattan mercury.</subfield></datafield><datafield ind1="3" ind2="0" tag="246"><subfield code="a">Daily mercury</subfield></datafield><datafield ind1=" " ind2=" " tag="260"><subfield code="a">Manhattan, Kan. :</subfield><subfield code="b">J.J. Davis,</subfield><subfield code="c">1892-</subfield></datafield><datafield ind1=" " ind2=" " tag="300"><subfield code="a">v. :</subfield><subfield code="b">ill. (chiefly advertisements) ;</subfield><subfield code="c">55 cm.</subfield></datafield><datafield ind1=" " ind2=" " tag="310"><subfield code="a">Weekly</subfield></datafield><datafield ind1="0" ind2=" " tag="362"><subfield code="a">Vol. 8, no. 414 (Apr. 6, 1892)-</subfield></datafield><datafield ind1="1" ind2=" " tag="362"><subfield code="a">Ceased with Dec. 30, 1909 issue?</subfield></datafield><datafield ind1=" " ind2=" " tag="500"><subfield code="a">Published daily during the Methodist Conference as: Daily mercury, Mar. 2-8, 1897.</subfield></datafield><datafield ind1=" " ind2=" " tag="500"><subfield code="a">Publisher varies.</subfield></datafield><datafield ind1=" " ind2=" " tag="580"><subfield code="a">Issued also in a daily edition called: Daily mercury (Manhattan, Kan. : 1909) Feb. 8-Dec. 30, 1909.</subfield></datafield><datafield ind1=" " ind2=" " tag="752"><subfield code="a">United States</subfield><subfield code="b">Kansas</subfield><subfield code="c">Riley</subfield><subfield code="d">Manhattan.</subfield></datafield><datafield ind1="1" ind2=" " tag="775"><subfield code="t">Daily mercury (Manhattan, Kan. : 1909)</subfield><subfield code="w">(DLC)sn 85031895</subfield></datafield><datafield ind1="0" ind2="0" tag="780"><subfield code="t">Mercury (Manhattan, Kan.)</subfield><subfield code="w">(DLC)sn 85031893</subfield></datafield><datafield ind1="0" ind2="4" tag="785"><subfield code="t">Manhattan republic (Manhattan, Kan. : 1882)</subfield><subfield code="w">(DLC)sn 85031878</subfield></datafield><datafield ind1="1" ind2=" " tag="029"><subfield code="a">AU@</subfield><subfield code="b">000022164670</subfield></datafield></record>